<?xml version="1.0" encoding="UTF-8"?><collection xmlns="http://www.loc.gov/MARC21/slim"><record><leader>00482nam--2200169-i-4500</leader><controlfield tag="001">000009632</controlfield><controlfield tag="002">20161230</controlfield><controlfield tag="005">20161230201028</controlfield><controlfield tag="008">060222s1000------------r-----000-0-eng-d</controlfield><datafield ind1="1" ind2=" " tag="100"><subfield code="a">Brooks, R. M. (Ed.)</subfield></datafield><datafield ind1=" " ind2=" " tag="245"><subfield code="a">Symposium on several complex variables, park city, utah, 1970</subfield></datafield><datafield ind1=" " ind2=" " tag="260"><subfield code="a">Berlin, Springer-verlag, 1971</subfield></datafield><datafield ind1=" " ind2=" " tag="300"><subfield code="a">234 P</subfield></datafield><datafield ind1=" " ind2=" " tag="490"><subfield code="a">Lecture Notes In Mathematics</subfield><subfield code="v">vol. 184</subfield></datafield><datafield ind1=" " ind2=" " tag="700"><subfield code="a">Brooks, R.M</subfield></datafield><datafield ind1=" " ind2=" " tag="852"><subfield code="a">34445</subfield><subfield code="c">517.55</subfield></datafield><datafield ind1=" " ind2=" " tag="CAT"><subfield code="a">Sys</subfield><subfield code="c">20080819</subfield><subfield code="h">122541</subfield></datafield></record></collection>